<?xml version="1.0" encoding="UTF-8"?><collection xmlns="http://www.loc.gov/MARC21/slim"><record><leader>00403nam--2200145-i-4500</leader><controlfield tag="001">000013857</controlfield><controlfield tag="002">20161230</controlfield><controlfield tag="005">20170222004635</controlfield><controlfield tag="008">060222s1000------------r-----000-0-eng-d</controlfield><datafield ind1=" " ind2=" " tag="245"><subfield code="a">Dictionar de buzunar german-roman. Editia a 2-a revazuta si adaugita</subfield></datafield><datafield ind1=" " ind2=" " tag="260"><subfield code="a">Bucuresti</subfield><subfield code="b">Ed.Stiint</subfield><subfield code="c">1967</subfield></datafield><datafield ind1=" " ind2=" " tag="300"><subfield code="a">331 p</subfield></datafield><datafield ind1=" " ind2=" " tag="700"><subfield code="a">Roman, Alexandru</subfield></datafield><datafield ind1=" " ind2=" " tag="852"><subfield code="a">801.323.2=30=590</subfield></datafield><datafield ind1=" " ind2=" " tag="CAT"><subfield code="a">SYS</subfield><subfield code="c">20170222</subfield><subfield code="h">004635</subfield></datafield></record></collection>